@book{刘少奇1962论共产党员的修养,
  title={论共产党员的修养},
  author={刘少奇},
  volume={19},
  number={80},
  year={1962},
  publisher={北京: 人民出版社},
	pages={76--80},
	language={zh},
}

@article{黄蕴慧1982国际矿物学研究的动向,
  title={国际矿物学研究的动向},
  author={黄蕴慧},
  journal={世界地质科技发展动向. 北京: 地质出版社},
  volume={39},
  year={1982},
	language={zh},
}

@phdthesis{张筑生1983微分半动力系统的不变集,
  title={微分半动力系统的不变集},
  author={张筑生},
  year={1983},
  school={北京： 北京大学数学研究所},
	language={zh},
}

@book{中国科学院南京土壌研究所1977我国西沙群岛的土壤和鸟粪磷矿,
  title={我国西沙群岛的土壤和鸟粪磷矿},
  author={中国科学院南京土壌研究所},
  publisher={科学出版社},
  year={1977},
	language={zh},
}

@article{李四光1973地壳构造与地壳运动,
  title={地壳构造与地壳运动},
  author={李四光},
  journal={中国科学 A 辑},
  volume={4},
  pages={005},
  year={1973},
	language={zh},
}

@article{金显贺1993一种用于在线检测局部放电的数字滤波技术,
  title={一种用于在线检测局部放电的数字滤波技术},
  author={金显贺 and 王昌长},
  journal={清华大学学报: 自然科学版},
  volume={33},
  number={4},
  pages={62--67},
  year={1993},
	language={zh},
}

@book{辛希孟1994信息技术与信息服务国际研讨会论文集,
  title={信息技术与信息服务国际研讨会论文集},
  author={辛希孟},
  publisher={中国社会科学出版社},
  year={1994},
	language={zh},
}

@inproceedings{钟文发1996非线性规划在可燃毒物配置中的应用,
  title={非线性规划在可燃毒物配置中的应用},
  author={钟文发},
  booktitle={中国运筹学会第五届大会},
  year={1996},
	language={zh},
}

@misc{谢希德1998创造学习的新思路,
  title={创造学习的新思路},
  author={谢希德},
  journal={人民日报},
  volume={12},
  number={25},
  pages={10},
  year={1998},
	language={zh},
}

@phdthesis{19961996汉语拼音正词法基本规则,
  title={汉语拼音正词法基本规则 [S]},
  author={1996, GB/T16159},
  year={1996},
	language={zh},
}

@misc{姜锡洲1989一种温热外敷药的制备方法,
  title={一种温热外敷药的制备方法},
  author={姜锡洲},
  year={1989},
	language={zh},
}

@misc{王明亮1998关于中国学术期刊标准化数据库系统工程的进展,
  title={关于中国学术期刊标准化数据库系统工程的进展},
  author={王明亮},
  year={1998},
	language={zh},
}

@misc{万锦坤1996中国大学学报论文文摘,
  title={中国大学学报论文文摘 (1983-1993). 英文版},
  author={万锦坤},
  journal={北京: 中国大百科全书出版社},
  volume={7},
  year={1996},
	language={zh},
}
