
@standard{2005_wen_2005,
	title = {GB/T 7714-2005，文后参考文献著录规则},
	year = {2005},
	author = {中华人民共和国国家标准化管理委员会},
	language={zh},
}

@book{knuth_texbook_1986,
	title = {The texbook},
	year = {1993},
	url = {http://fsxkgcy.tug.org/tutorials/tugindia/chap15-scr.pdf},
	publisher = {{Addison-Wesley Reading, Mass.}},
	author = {Knuth, Donald Ervin and Bibby, Duane},
	urldate = {2016-02-11},
	date = {1986},
}

@book{latexnotes203,
	title = {\LaTeX{} Notes 雷太赫排版系统简介},
	year = {2013},
	author = {包太雷},
	date = {2013-9},
	language = {zh}
}

@techreport{scdxbkbylwgshckwxzlyq_2006,
	title = {四川大学本科毕业论文（设计）格式和参考文献著录要求},
	author = {四川大学教务处},
	year = {2006},
	language={zh},
}

@book{刘少奇1962论共产党员的修养,
  title={论共产党员的修养},
  author={刘少奇},
  year={1962},
	address={北京},
  publisher={人民出版社},
	edition={修订2版},
	pages={76--80},
	language={zh},
}

@inbook{黄蕴慧1982国际矿物学研究的动向,
  author={黄蕴慧},
  title={国际矿物学研究的动向},
  editor={程裕淇等编},
  booktitle={世界地质科技发展动向},
  address={北京},
  publisher={地质出版社},
  year={1982},
  pages={38-39},
  language={zh},
}

@phdthesis{张筑生1983微分半动力系统的不变集,
  title={微分半动力系统的不变集},
  author={张筑生},
  year={1983},
	address={北京},
  school={北京大学数学研究所},
	language={zh},
}

@techreport{中国科学院南京土壌研究所1977我国西沙群岛的土壤和鸟粪磷矿,
  title={我国西沙群岛的土壤和鸟粪磷矿},
  author={中国科学院南京土壤研究所西沙群岛考察组},
	address={北京},
  publisher={科学出版社},
  year={1977},
	language={zh},
	pages={80},
}

@article{李四光1973地壳构造与地壳运动,
  title={地壳构造与地壳运动},
  author={李四光},
  journal={中国科学 A 辑},
  number={4},
  pages={400--429},
  year={1973},
	language={zh},
}

@article{何龄修1998读顾城,
  title={读顾城《南明史》},
  author={何龄修},
  journal={中国史研究},
  number={3},
  pages={167-173},
  year={1998},
	language={zh},
}

@article{金显贺1993一种用于在线检测局部放电的数字滤波技术,
  title={一种用于在线检测局部放电的数字滤波技术},
  author={金显贺 and 王昌长 and 王忠东 and 朱德恒},
  journal={清华大学学报（自然科学版）},
  volume={33},
  number={4},
  pages={62--67},
  year={1993},
  language={zh},
}

@proceedings{辛希孟1994信息技术与信息服务国际研讨会论文集,
  title={信息技术与信息服务国际研讨会论文集：A集},
  editor={辛希孟},
	address={北京},
  publisher={中国社会科学出版社},
  year={1994},
	language={zh},
}

@inproceedings{钟文发1996非线性规划在可燃毒物配置中的应用,
  author={钟文发},
  title={非线性规划在可燃毒物配置中的应用},
  editor ={赵玮},
  booktitle={运筹学的理论与应用：中国运筹学会第五届大会论文集},
  address={西安},
  publisher={西安电子科技大学出版社},
  year={1996},
  pages={468-471},
  language={zh},
}

@news{谢希德1998创造学习的新思路,
  author={谢希德},
  title={创造学习的新思路},
  journal={人民日报},
  date={1998-12-25},
  number={10},
  language={zh},
}

@standard{19961996汉语拼音正词法基本规则,
  title={GB/T 16159-1996， 汉语拼音正词法基本规则},
	language={zh},
}

@patent{姜锡洲1989一种温热外敷药的制备方法,
  author={姜锡洲},
  title={一种温热外敷药制备方案},
  country={中国},
  patentid={88105607.3},
  date={1989-07-26},
  langauge={zh},
}

@online{王明亮1998关于中国学术期刊标准化数据库系统工程的进展,
  author={王明亮},
  title={关于中国学术期刊标准化数据库系统工程的进展},
  modifydate={1998-08-16},
  url={http://www.cajcd.edu.cn/pub/wml.txt/980810-2.html},
  citedate={1998-10-04},
  langauge={zh},
}

@database{万锦坤1996中国大学学报论文文摘,
  title={中国大学学报论文文摘 (1983-1993). 英文版},
	author={万锦坤},
	address={北京},
	media={CD},
  publisher={中国大百科全书出版社},
  year={1996},
	volume={7},
	language={zh},
}
